<record><leader>00000cas a22000007a 4500</leader><controlfield tag="001">13348675</controlfield><controlfield tag="008">860326d18361836pauwr ne      0    0eng d</controlfield><datafield ind1=" " ind2=" " tag="010"><subfield code="a">sn 86083428 </subfield></datafield><datafield ind1=" " ind2=" " tag="040"><subfield code="a">NPH</subfield><subfield code="b">eng</subfield><subfield code="c">NPH</subfield><subfield code="d">NPX</subfield><subfield code="d">NPH</subfield><subfield code="d">OCLCQ</subfield></datafield><datafield ind1=" " ind2=" " tag="042"><subfield code="a">msc</subfield></datafield><datafield ind1="0" ind2="4" tag="245"><subfield code="a">The Mercury, and Perry County Democrat.</subfield></datafield><datafield ind1=" " ind2=" " tag="260"><subfield code="a">Bloomfield [i.e. New Bloomfield], Pa. :</subfield><subfield code="b">Stroop &amp; Sample,</subfield><subfield code="c">-1836.</subfield></datafield><datafield ind1=" " ind2=" " tag="300"><subfield code="a">v.</subfield></datafield><datafield ind1=" " ind2=" " tag="310"><subfield code="a">Weekly</subfield></datafield><datafield ind1="0" ind2=" " tag="362"><subfield code="a">-v. 6, no. 5 (Nov. 4, 1836).</subfield></datafield><datafield ind1="1" ind2=" " tag="362"><subfield code="a">Began in 1836.</subfield><subfield code="z">Cf. NIM.</subfield></datafield><datafield ind1=" " ind2=" " tag="580"><subfield code="a">Formed by the union of: Mercury (New Bloomfield, Pa.), and: Perry intelligencer (non-extant?).</subfield></datafield><datafield ind1=" " ind2=" " tag="588"><subfield code="a">Description based on: Vol. 6, no. 1 (Oct. 7, 1836).</subfield></datafield><datafield ind1=" " ind2=" " tag="752"><subfield code="a">United States</subfield><subfield code="b">Pennsylvania</subfield><subfield code="c">Perry</subfield><subfield code="d">New Bloomfield.</subfield></datafield><datafield ind1=" " ind2=" " tag="752"><subfield code="a">United States</subfield><subfield code="b">Pennsylvania</subfield><subfield code="c">Perry</subfield><subfield code="d">Bloomfield.</subfield></datafield><datafield ind1="1" ind2="4" tag="780"><subfield code="t">Mercury (New Bloomfield, Pa.)</subfield></datafield><datafield ind1="1" ind2="4" tag="780"><subfield code="t">Perry intelligencer</subfield></datafield><datafield ind1="0" ind2="0" tag="785"><subfield code="t">Perry County Democrat (New Bloomfield, Pa.)</subfield><subfield code="w">(DLC)sn 84026101</subfield></datafield></record>